%%
%%
%% References
%%
%%

@Book{Pressman:2000,
  title = 	 {Software Engineering: A Practitioner's Approach},
  author = {Roger S. Pressman},
  publisher = 	 {McGraw-Hill},
  year = 	 {2000},
  series = {McGraw-Hill Series in Computer Science}
}

@Article{Louvel:2010,
  author 	= 	 {Jerome Louvel, Thiery Boileau, Philippe Mougin},
  title 	= 	 {Rethinking Web Development with REST and Restlet},
  year 		= 	 {2010},
  journal 	= 	 {Green Paper from Restlet in Action}
}

@Article{Plante:2006,
  author = 	 {Frederic Plante},
  title = 	 {Introducing the GMF Runtime},
  journal =  {Eclipse Corner Article},
  year = 	 {Year},
}

@MISC{Article_Introducing_GMF,
  howpublished = {\url{http://www.eclipse.org/articles/Article-Introducing-GMF/article.html/}}
}

@MISC{GMF_Tutorial,
  howpublished = {\url{http://wiki.eclipse.org/GMF_Tutorial/}}
}

@MISC{XPAND_EXAMPLE,
  howpublished = {\url{http://www.peterfriese.de/using-xpand-in-your-eclipse-wizards/}}
}

%
%
%% EOF
%
%